@MISC{Schmid94probabilisticpart-of-speech,
    author = {Helmut Schmid},
    title = {Probabilistic Part-of-Speech Tagging Using Decision Trees},
    year = {1994}
}