@MISC{Schmid94probabilisticpart-of-speech,
    author = {Helmut Schmid},
    title = {Probabilistic Part-of-Speech Tagging Using Decision Trees},
    year = {1994}
}

@inproceedings{Sun:2012:STC:2348283.2348511,
 author = {Sun, Aixin},
 title = {Short text classification using very few words},
 booktitle = {Proceedings of the 35th international ACM SIGIR conference on Research and development in information retrieval},
 series = {SIGIR '12},
 year = {2012},
 isbn = {978-1-4503-1472-5},
 location = {Portland, Oregon, USA},
 pages = {1145--1146},
 numpages = {2},
 url = {http://doi.acm.org/10.1145/2348283.2348511},
 doi = {10.1145/2348283.2348511},
 acmid = {2348511},
 publisher = {ACM},
 address = {New York, NY, USA},
 keywords = {search and vote, short text classification},
} 